@article{bailey1995unsupervised,
  title={Unsupervised learning of multiple motifs in biopolymers using expectation maximization},
  author={Bailey, Timothy L and Elkan, Charles},
  journal={Machine learning},
  volume={21},
  number={1-2},
  pages={51--80},
  year={1995},
  publisher={Springer}
}

@article{blanchette2002discovery,
  title={Discovery of regulatory elements by a computational method for phylogenetic footprinting},
  author={Blanchette, Mathieu and Tompa, Martin},
  journal={Genome research},
  volume={12},
  number={5},
  pages={739--748},
  year={2002},
  publisher={Cold Spring Harbor Lab}
}

@article{das2007survey,
  title={A survey of DNA motif finding algorithms},
  author={Das, Modan K and Dai, Ho-Kwok},
  journal={BMC bioinformatics},
  volume={8},
  number={Suppl 7},
  pages={S21},
  year={2007},
  publisher={BioMed Central Ltd}
}

@inproceedings{dasari2010efficient,
  title={An efficient multicore implementation of planted motif problem},
  author={Dasari, Naga Shailaja and Desh, Ranjan and Zubair, Mohammad},
  booktitle={High Performance Computing and Simulation (HPCS), 2010 International Conference on},
  pages={9--15},
  year={2010},
  organization={IEEE}
}

@article{down2005nestedmica,
  title={NestedMICA: sensitive inference of over-represented motifs in nucleic acid sequence},
  author={Down, Thomas A and Hubbard, Tim JP},
  journal={Nucleic acids research},
  volume={33},
  number={5},
  pages={1445--1453},
  year={2005},
  publisher={Oxford Univ Press}
}

@article{eskin2002finding,
  title={Finding composite regulatory patterns in DNA sequences},
  author={Eskin, Eleazar and Pevzner, Pavel A},
  journal={Bioinformatics},
  volume={18},
  number={suppl 1},
  pages={S354--S363},
  year={2002},
  publisher={Oxford Univ Press}
}

@inproceedings{keich2002finding,
  title={Finding motifs in the twilight zone},
  author={Keich, Uri and Pevzner, Pavel A},
  booktitle={Proceedings of the sixth annual international conference on Computational biology},
  pages={195--204},
  year={2002},
  organization={ACM}
}

@article{hertz1999identifying,
  title={Identifying DNA and protein patterns with statistically significant alignments of multiple sequences.},
  author={Hertz, Gerald Z and Stormo, Gary D.},
  journal={Bioinformatics},
  volume={15},
  number={7},
  pages={563--577},
  year={1999},
  publisher={Oxford Univ Press}
}

@inproceedings{huo2009combining,
  title={Combining genetic algorithm and random projection strategy for (l, d)-motif discovery},
  author={Huo, Hongwei and Zhao, Zhenhua and Stojkovic, Vojislav and Liu, Lifang},
  booktitle={Bio-Inspired Computing, 2009. BIC-TA'09},
  pages={1--6},
  year={2009},
  organization={IEEE}
}

@inproceedings{Buhler2001Tompa,
 author = {Buhler, Jeremy and Tompa, Martin},
 title = {Finding Motifs Using Random Projections},
 booktitle = {Proceedings of the Fifth Annual International Conference on Computational Biology},
 series = {RECOMB '01},
 year = {2001},
 isbn = {1-58113-353-7},
 location = {Montreal, Quebec, Canada},
 pages = {69--76},
 numpages = {8},
 url = {http://doi.acm.org/10.1145/369133.369172},
 doi = {10.1145/369133.369172},
 acmid = {369172},
 publisher = {ACM},
 address = {New York, NY, USA},
} 

@article{hu2006emd,
  title={EMD: an ensemble algorithm for discovering regulatory motifs in DNA sequences},
  author={Hu, Jianjun and Yang, Yifeng D and Kihara, Daisuke},
  journal={BMC bioinformatics},
  volume={7},
  number={1},
  pages={342},
  year={2006},
  publisher={BioMed Central Ltd}
}

@article{lawrence1990expectation,
  title={An expectation maximization (EM) algorithm for the identification and characterization of common sites in unaligned biopolymer sequences},
  author={Lawrence, Charles E and Reilly, Andrew A},
  journal={Proteins: Structure, Function, and Bioinformatics},
  volume={7},
  number={1},
  pages={41--51},
  year={1990},
  publisher={Wiley Online Library}
}

@article{lawrence1993detecting,
  title={Detecting subtle sequence signals: a Gibbs sampling strategy for multiple alignment},
  author={Lawrence, Charles E and Altschul, Stephen F and Boguski, Mark S and Liu, Jun S and Neuwald, Andrew F and Wootton, John C},
  journal={science},
  volume={262},
  number={5131},
  pages={208--214},
  year={1993},
  publisher={American Association for the Advancement of Science}
}

@phdthesis{nabos2015dissertation,
  title={New Heuristics and Exact Algorithms for the Planted DNA ($l,d$)-Motif Finding Problem},
  author={Julieta Q. Nabos},
  school={Ateneo de Manila University},
  year={2015}
}

@inproceedings{pevzner2000combinatorial,
  title={Combinatorial approaches to finding subtle signals in DNA sequences.},
  author={Pevzner, Pavel A and Sze, Sing-Hoi and others},
  booktitle={ISMB},
  volume={8},
  pages={269--278},
  year={2000}
}

@article{price2003finding,
  title={Finding subtle motifs by branching from sample strings},
  author={Price, Alkes and Ramabhadran, Sriram and Pevzner, Pavel A},
  journal={Bioinformatics},
  volume={19},
  number={suppl 2},
  pages={ii149--ii155},
  year={2003},
  publisher={Oxford Univ Press}
}

@article{pms2007,
  title={Fast and practical algorithms for planted (l, d) motif search},
  author={Davila, Jaime and Balla, Sudha and Rajasekaran, Sanguthevar},
  journal={Computational Biology and Bioinformatics, IEEE/ACM Transactions on},
  volume={4},
  number={4},
  pages={544--552},
  year={2007},
  publisher={IEEE}
}

@article{pms2014,
  title={Efficient sequential and parallel algorithms for planted motif search},
  author={Nicolae, Marius and Rajasekaran, Sanguthevar},
  journal={BMC bioinformatics},
  volume={15},
  number={1},
  pages={34},
  year={2014},
  publisher={BioMed Central Ltd}
}

@article{pms2015,
  title={qPMS9: An Efficient Algorithm for Quorum Planted Motif Search},
  author={Nicolae, Marius and Rajasekaran, Sanguthevar},
  journal={Scientific reports},
  volume={5},
  year={2015},
  publisher={Nature Publishing Group}
}

@article{stewart2012transcription,
  title={Why transcription factor binding sites are ten nucleotides long},
  author={Stewart, Alexander J and Hannenhalli, Sridhar and Plotkin, Joshua B},
  journal={Genetics},
  volume={192},
  number={3},
  pages={973--985},
  year={2012},
  publisher={Genetics Soc America}
}

@article{zhu1999scpd,
  title={SCPD: a promoter database of the yeast Saccharomyces cerevisiae.},
  author={Zhu, Jian and Zhang, Michael Q.},
  journal={Bioinformatics},
  volume={15},
  number={7},
  pages={607--611},
  year={1999},
  publisher={Oxford Univ Press}
}

@article{Bailey2006,
  title={MEME: discovering and analyzing DNA and protein sequence motifs.},
  author={Bailey, Timothy L. and  Williams, Nadya and Misleh, Chris and Li, Wilfred W.},
  journal={Nucleic Acids Research.},
  pages={369-373},
  year={2006},
}

@article{Evans2003407,
  title = "On the complexity of finding common approximate substrings ",
  journal = "Theoretical Computer Science ",
  volume = "306",
  number = "1-3",
  pages = "407 - 430",
  year = "2003",
  note = "",
  issn = "0304-3975",
  doi = "http://dx.doi.org/10.1016/S0304-3975(03)00320-7",
  url = "http://www.sciencedirect.com/science/article/pii/S0304397503003207",
  author = "Patricia A. Evans and Andrew D. Smith and H.Todd Wareham",
  keywords = "Parameterized complexity",
  keywords = "Pattern matching",
  keywords = "Common approximate substring "
}

@article{Bailey2008,
  journal = "Bioinformatics: Data, Sequence Analysis and Evolution",
  volume = "452",
  pages = "231 - 251",
  chapter = "12",
  year = "2008",
  author = "Timothy L. Bailey",
}

@article{ExactAlgorithmsPMS,
  journal = "Journal of Computational Biology",
  author = "Rajasekaran, S. and Balla, S. and Huang, C.H.",
  title = "Exact algorithms for planted motif challenge problems",
  conference = "Proceedings of 3rd Asia-Pacific Bioinformatics Conference",
  pages = "1117-1128",
  year = "2005",
}

@INPROCEEDINGS{Pisanti06risotto,
    author = {Nadia Pisanti and Alexandra M. Carvalho and Ra M. Carvalho and Marie-France Sagot and Laurent Marsan},
    title = {RISOTTO: Fast extraction of motifs with mismatches},
    booktitle = {Proceedings of the 7th Latin American Theoretical Informatics Symposium, 3887 of LNCS:757-768},
    year = {2006},
    pages = {757--768},
    publisher = {Springer-Verlag}
}

@INPROCEEDINGS{Carvalho05ahighly,
    author = {Alexandra M. Carvalho and Ana T. Freitas and Arlindo L. Oliveira and Inria Rhone-alpes and Université Claude Bernard and Lyon I},
    title = {A highly scalable algorithm for the extraction of cis-regulatory regions},
    booktitle = {In Proc. APBC’05},
    year = {2005},
    pages = {273--282},
    publisher = {Imperial College Press}
}

@INPROCEEDINGS{Chin2005,
    author = {Francis Y.L. Chin, AND Henry C.M. Leung},
    title = {Voting Algorithms for Discovering Long Motifs.},
    booktitle = {Proceedings of the Third Asia-Pacific Bioinformatics Conference (APBC)},
    year = {2005},
    pages = {261-271},
}

@MISC{Sagot98spellingapproximate,
    author = {Marie-France Sagot},
    title = {Spelling Approximate Repeated Or Common Motifs Using a Suffix Tree},
    year = {1998}
}

@Inbook{Davila2006,
  author="Davila, Jaime and Balla, Sudha and Rajasekaran, Sanguthevar",
  editor="Alexandrov, Vassil N. and van Albada, Geert Dick and Sloot, Peter M. A. and Dongarra, Jack",
  title="Space and Time Efficient Algorithms for Planted Motif Search",
  bookTitle="Computational Science -- ICCS 2006: 6th International Conference, Reading, UK, May 28-31, 2006. Proceedings, Part II",
  year="2006",
  publisher="Springer Berlin Heidelberg",
  address="Berlin, Heidelberg",
  pages="822--829",
  isbn="978-3-540-34382-0",
}

@article{Dinh2012,
    author = {Dinh, Hieu AND Rajasekaran, Sanguthevar AND Davila, Jaime},
    journal = {PLoS ONE},
    publisher = {Public Library of Science},
    title = {qPMS7: A Fast Algorithm for Finding (ℓ, d)-Motifs in DNA and Protein Sequences},
    year = {2012},
    month = {07},
    volume = {7},
    pages = {1-8},
    number = {7},
}

@article{Shibdas2014,
  author = {Shibdas Bandyopadhyay and Sartaj Sahni and Sanguthevar Rajasekaran},
  title = {PMS6: a fast algorithm for motif discovery},
  journal = {International Journal of Bioinformatics Research and Applications},
  volume = {10},
  number = {4-5},
  pages = {369-383},
  year = {2014},
  note ={PMID: 62990},
  URL = {http://www.inderscienceonline.com/doi/abs/10.1504/IJBRA.2014.062990 },
  eprint = {http://www.inderscienceonline.com/doi/pdf/10.1504/IJBRA.2014.062990 }
}

@Article{Dinh2011,
  author="Dinh, Hieu and Rajasekaran, Sanguthevar and Kundeti, Vamsi K.",
  title="PMS5: an efficient exact algorithm for the (ℓ, d)-motif finding problem",
  journal="BMC Bioinformatics",
  year="2011",
  volume="12",
  number="1",
  pages="1--10",
  abstract="Motifs are patterns found in biological sequences that are vital for understanding gene function, human disease, drug design, etc. They are helpful in finding transcriptional regulatory elements, transcription factor binding sites, and so on. As a result, the problem of identifying motifs is very crucial in biology.",
  issn="1471-2105",
  doi="10.1186/1471-2105-12-410",
  url="http://dx.doi.org/10.1186/1471-2105-12-410"
}

@article{Keich01102002,
  author = {Keich, U. and Pevzner, P.A.}, 
  title = {Finding motifs in the twilight zone},
  volume = {18}, 
  number = {10}, 
  pages = {1374-1381}, 
  year = {2002}, 
  eprint = {http://bioinformatics.oxfordjournals.org/content/18/10/1374.full.pdf+html}, 
  journal = {Bioinformatics} 
}

@article{Price27092003,
  author = {Price, Alkes and Ramabhadran, Sriram and Pevzner, Pavel A.}, 
  title = {Finding subtle motifs by branching from sample strings},
  volume = {19}, 
  number = {suppl 2}, 
  pages = {ii149-ii155}, 
  year = {2003}, 
  eprint = {http://bioinformatics.oxfordjournals.org/content/19/suppl_2/ii149.full.pdf+html}, 
  journal = {Bioinformatics} 
}

@article {sia2015,
  title = "An Efficient Exact Solution to the (l,d)-Planted Motif Problem",
  journal = "8th AUN/SEED-Net Regional Conference on Electrical and Electronics Engineering",
  year = "2015",
  author = "Sia, Aia and Nabos, Julieta and Fernandez Jr., Proceso"
}




